
%% ALGORITHM TABLE

@INPROCEEDINGS{4141877, 
author={Xiaoning Meng and Ka Keung Lee and Yangsheng Xu}, 
booktitle={Robotics and Biomimetics, 2006. ROBIO '06. IEEE International Conference on}, 
title={Human Driving Behavior Recognition Based on Hidden Markov Models}, 
year={2006}, 
month={Dec}, 
pages={274-279}, 
keywords={automobiles;behavioural sciences computing;hidden Markov models;learning (artificial intelligence);security;automobile security;car thefts;dynamic human behaviors;hidden Markov models;human driving behavior recognition;intelligent vehicle security system;machine learning;vehicle theft problem;Automobiles;Graphics;Hidden Markov models;Humans;Intelligent vehicles;Learning systems;Performance evaluation;Real time systems;Security;Vehicle dynamics;Human behavior modeling;Intelligent systems;Machine learning;Vehicle security}, 
doi={10.1109/ROBIO.2006.340166},}

@ARTICLE{4298904, 
author={McCall, J.C. and Wipf, D.P. and Trivedi, M.M. and Rao, B.D.}, 
journal={Intelligent Transportation Systems, IEEE Transactions on}, 
title={Lane Change Intent Analysis Using Robust Operators and Sparse Bayesian Learning}, 
year={2007}, 
month={Sept}, 
volume={8}, 
number={3}, 
pages={431-440}, 
keywords={Bayes methods;computer vision;inference mechanisms;learning (artificial intelligence);traffic engineering computing;computer vision;driver intent inference system;lane change intent analysis;modular intelligent vehicle;robust operators;sparse Bayesian learning;Bayesian methods;Computer vision;Data analysis;Inference algorithms;Intelligent vehicles;Robustness;Testing;Tracking;Traffic control;Vehicle driving;Computer vision;driver assistance systems;driver intent inference;intelligent vehicles;sparse Bayesian learning (SBL)}, 
doi={10.1109/TITS.2007.902640}, 
ISSN={1524-9050},}

@article{Buxton2003125,
title = "Learning and understanding dynamic scene activity: a review ",
journal = "Image and Vision Computing ",
volume = "21",
number = "1",
pages = "125 - 136",
year = "2003",
note = "",
issn = "0262-8856",
doi = "http://dx.doi.org/10.1016/S0262-8856(02)00127-0",
url = "http://www.sciencedirect.com/science/article/pii/S0262885602001270",
author = "Hilary Buxton",
keywords = "Cognitive computer vision",
keywords = "Generative model",
keywords = "Visual reasoning",
keywords = "Visual control",
keywords = "Visual learning "
}

@ARTICLE{4633642, 
author={Piciarelli, C. and Micheloni, C. and Foresti, G.L.}, 
journal={Circuits and Systems for Video Technology, IEEE Transactions on}, 
title={Trajectory-Based Anomalous Event Detection}, 
year={2008}, 
month={Nov}, 
volume={18}, 
number={11}, 
pages={1544-1554}, 
keywords={image sequences;object detection;pattern clustering;support vector machines;video surveillance;TV shots;a priori information;automatic event analysis;automatic video annotation;explicit event recognition;single-class support vector machine clustering;sport videos;traffic monitoring;trajectory-based anomalous event detection;video sequences;video surveillance;Anomaly detection;event analysis;support vector machines (SVMs);trajectory clustering}, 
doi={10.1109/TCSVT.2008.2005599}, 
ISSN={1051-8215},}

@article{5,
year={2008},
issn={0932-8092},
journal={Machine Vision and Applications},
volume={19},
number={5-6},
doi={10.1007/s00138-007-0077-z},
title={How close are we to solving the problem of automated visual surveillance?},
url={http://dx.doi.org/10.1007/s00138-007-0077-z},
publisher={Springer-Verlag},
author={Dee, HannahM. and Velastin, SergioA.},
pages={329-343},
language={English}
}

@incollection{6, 
year={2007},
isbn={978-3-540-72346-2},
booktitle={Artifical Intelligence for Human Computing},
volume={4451},
series={Lecture Notes in Computer Science},
editor={Huang, ThomasS. and Nijholt, Anton and Pantic, Maja and Pentland, Alex},
doi={10.1007/978-3-540-72348-6_3},
title={Human Computing and Machine Understanding of Human Behavior: A Survey},
url={http://dx.doi.org/10.1007/978-3-540-72348-6_3},
publisher={Springer Berlin Heidelberg},
keywords={Human sensing; Human Behavior Understanding; Multimodal Data Analysis; Affective Computing; Socially-aware Computing},
author={Pantic, Maja and Pentland, Alex and Nijholt, Anton and Huang, ThomasS.},
pages={47-71},
language={English}
}

@article{Moeslund200690,
title = "A survey of advances in vision-based human motion capture and analysis ",
journal = "Computer Vision and Image Understanding ",
volume = "104",
number = "2–3",
pages = "90 - 126",
year = "2006",
note = "Special Issue on Modeling People: Vision-based understanding of a person’s shape, appearance, movement and behaviour ",
issn = "1077-3142",
doi = "http://dx.doi.org/10.1016/j.cviu.2006.08.002",
url = "http://www.sciencedirect.com/science/article/pii/S1077314206001263",
author = "Thomas B. Moeslund and Adrian Hilton and Volker Krüger",
keywords = "Review",
keywords = "Human motion",
keywords = "Initialization",
keywords = "Tracking",
keywords = "Pose estimation",
keywords = "Recognition "
}

@ARTICLE{4142930, 
author={McCall, J.C. and Trivedi, M.M.}, 
journal={Proceedings of the IEEE}, 
title={Driver Behavior and Situation Aware Brake Assistance for Intelligent Vehicles}, 
year={2007}, 
month={Feb}, 
volume={95}, 
number={2}, 
pages={374-387}, 
keywords={braking;driver information systems;human computer interaction;intelligent control;predictive control;probability;road safety;Bayesian learning;adaptive cruise control systems;driver control behavior;human-centric intelligent driver assistance systems;intelligent vehicles;intent analysis;predictive braking systems;probabilistic model;sensor fusion;situation aware brake assistance;traffic accidents;vehicle safety;Adaptive systems;Collision mitigation;Control systems;Humans;Intelligent sensors;Intelligent systems;Intelligent vehicles;Road accidents;Sensor systems;Vehicle driving;Bayesian learning;human-centric driver assistance;intent analysis;sensor fusion;vehicle safety}, 
doi={10.1109/JPROC.2006.888388}, 
ISSN={0018-9219},}

@ARTICLE{1717363, 
author={Shinko Yuanhsien Cheng and Trivedi, M.M.}, 
journal={Pervasive Computing, IEEE}, 
title={Turn-Intent Analysis Using Body Pose for Intelligent Driver Assistance}, 
year={2006}, 
month={Oct}, 
volume={5}, 
number={4}, 
pages={28-37}, 
keywords={computer vision;driver information systems;pattern classification;pose estimation;behavior-recognition algorithm;body-pose information detection;driver-assistance system;human-centric environment;pattern classification;pervasive computing;Cameras;Displays;Pervasive computing;Road safety;Road vehicles;Safety devices;Sensor phenomena and characterization;Sensor systems;Vehicle driving;Vehicle safety;Pervasive computing;computer vision;face and gesture recognition;pattern recognition applications;transportation}, 
doi={10.1109/MPRV.2006.88}, 
ISSN={1536-1268},}

@INPROCEEDINGS{898310, 
author={Oliver, N. and Pentland, A.P.}, 
booktitle={Intelligent Vehicles Symposium, 2000. IV 2000. Proceedings of the IEEE}, 
title={Graphical models for driver behavior recognition in a SmartCar}, 
year={2000}, 
month={}, 
pages={7-12}, 
keywords={computer vision;data acquisition;hidden Markov models;learning (artificial intelligence);real-time systems;traffic engineering computing;CHMM;SmartCar;contextual traffic;coupled HMM;driver assistance systems;driver behavior recognition;driver head;driver maneuver modeling;driver maneuver recognition;driver viewpoint;graphical models;lane changing;machine learning framework;multimodal perceptual input;operating mode transitions;overtaking;passing;real-time data acquisition system;starting;stopping;video signals;Context modeling;Data acquisition;Graphical models;Hidden Markov models;Machine learning;Magnetic heads;Power system modeling;Real time systems;System testing;Traffic control}, 
doi={10.1109/IVS.2000.898310},}

@incollection{7,
year={2007},
isbn={978-3-540-75772-6},
booktitle={Human–Computer Interaction},
volume={4796},
series={Lecture Notes in Computer Science},
editor={Lew, Michael and Sebe, Nicu and Huang, ThomasS. and Bakker, ErwinM.},
doi={10.1007/978-3-540-75773-3_2},
title={Drowsy Driver Detection Through Facial Movement Analysis},
url={http://dx.doi.org/10.1007/978-3-540-75773-3_2},
publisher={Springer Berlin Heidelberg},
author={Vural, Esra and Cetin, Mujdat and Ercil, Aytul and Littlewort, Gwen and Bartlett, Marian and Movellan, Javier},
pages={6-18},
language={English}
}

@ARTICLE{Kuge2000,
author={Kuge, N. and Yamamura, T. and Shimoyama, O. and Liu, A.},
title={A driver behavior recognition method based on a driver model framework},
journal={SAE Technical Papers},
year={2000},
note={cited By (since 1996)2},
url={http://www.scopus.com/inward/record.url?eid=2-s2.0-84859370319&partnerID=40&md5=9743379f55a7b147f4ff14a0b186ef8a},
document_type={Conference Paper},
source={Scopus},
}

@INPROCEEDINGS{898313, 
author={Bishop, R.}, 
booktitle={Intelligent Vehicles Symposium, 2000. IV 2000. Proceedings of the IEEE}, 
title={A survey of intelligent vehicle applications worldwide}, 
year={2000}, 
month={}, 
pages={25-30}, 
keywords={reviews;traffic engineering computing;transport control;ITS;IV systems;automobiles;driver assistance;industrial vehicles;intelligent algorithms;intelligent vehicle applications;military vehicles;operational efficiency;public transport;safety;sensing;trucks;Automated highways;Automatic control;Automation;Automotive engineering;Control systems;Defense industry;Electrical equipment industry;Intelligent vehicles;Safety;Vehicle driving}, 
doi={10.1109/IVS.2000.898313},}






